<?xml version="1.0" encoding="UTF-8" ?>
<marc:collection xmlns:marc="http://www.loc.gov/MARC21/slim"
    xmlns:xsi="http://www.w3.org/2001/XMLSchema-instance"
    xsi:schemaLocation="http://www.loc.gov/MARC21/slim http://www.loc.gov/standards/marcxml/schema/MARC21slim.xsd">
     <marc:record>
        <marc:leader>03744cam a2200589 i 4500</marc:leader>
        <marc:controlfield tag="001">1196834877</marc:controlfield>
        <marc:controlfield tag="008">200922t20202020waua    obm  s000 0 eng  </marc:controlfield>
        <marc:controlfield tag="006">m     o  d s      </marc:controlfield>
        <marc:controlfield tag="005">20220526143434.2</marc:controlfield>
        <marc:controlfield tag="007">cr ||||||||||</marc:controlfield>
        <marc:datafield tag="040" ind1=" " ind2=" ">
            <marc:subfield code="a">WAU</marc:subfield>
            <marc:subfield code="b">eng</marc:subfield>
            <marc:subfield code="e">rda</marc:subfield>
            <marc:subfield code="e">pn</marc:subfield>
            <marc:subfield code="c">WAU</marc:subfield>
            <marc:subfield code="d">OCLCF</marc:subfield>
            <marc:subfield code="d">OCLCA</marc:subfield>
            <marc:subfield code="d">WAU</marc:subfield>
            <marc:subfield code="d">OCLCO</marc:subfield>
            <marc:subfield code="d">WAU</marc:subfield>
            <marc:subfield code="d">OCLCO</marc:subfield>
            <marc:subfield code="d">OCL</marc:subfield>
            <marc:subfield code="d">OCLCO</marc:subfield>
        </marc:datafield>
        <marc:datafield tag="042" ind1=" " ind2=" ">
            <marc:subfield code="a">pcc</marc:subfield>
        </marc:datafield>
        <marc:datafield tag="100" ind1="1" ind2=" ">
            <marc:subfield code="a">Cai, Yuansi,</marc:subfield>
            <marc:subfield code="e">author.</marc:subfield>
        </marc:datafield>
        <marc:datafield tag="245" ind1="1" ind2="0">
            <marc:subfield code="a">Exploring the potentials of interdisciplinary studios in the University of Washington College of Built Environments /</marc:subfield>
            <marc:subfield code="c">Yuansi Cai.</marc:subfield>
        </marc:datafield>
        <marc:datafield tag="264" ind1=" " ind2="1">
            <marc:subfield code="a">[Seattle] :</marc:subfield>
            <marc:subfield code="b">[University of Washington Libraries],</marc:subfield>
            <marc:subfield code="c">[2020]</marc:subfield>
        </marc:datafield>
        <marc:datafield tag="264" ind1=" " ind2="4">
            <marc:subfield code="c">©2020</marc:subfield>
        </marc:datafield>
        <marc:datafield tag="300" ind1=" " ind2=" ">
            <marc:subfield code="a">1 online resource (67 pages) :</marc:subfield>
            <marc:subfield code="b">illustrations (some color)</marc:subfield>
        </marc:datafield>
        <marc:datafield tag="336" ind1=" " ind2=" ">
            <marc:subfield code="a">text</marc:subfield>
            <marc:subfield code="b">txt</marc:subfield>
            <marc:subfield code="2">rdacontent</marc:subfield>
        </marc:datafield>
        <marc:datafield tag="337" ind1=" " ind2=" ">
            <marc:subfield code="a">computer</marc:subfield>
            <marc:subfield code="b">c</marc:subfield>
            <marc:subfield code="2">rdamedia</marc:subfield>
        </marc:datafield>
        <marc:datafield tag="338" ind1=" " ind2=" ">
            <marc:subfield code="a">online resource</marc:subfield>
            <marc:subfield code="b">cr</marc:subfield>
            <marc:subfield code="2">rdacarrier</marc:subfield>
        </marc:datafield>
        <marc:datafield tag="347" ind1=" " ind2=" ">
            <marc:subfield code="a">text file</marc:subfield>
            <marc:subfield code="2">rdaft</marc:subfield>
        </marc:datafield>
        <marc:datafield tag="347" ind1=" " ind2=" ">
            <marc:subfield code="b">PDF</marc:subfield>
        </marc:datafield>
        <marc:datafield tag="502" ind1=" " ind2=" ">
            <marc:subfield code="b">M. Landsc. Arch.</marc:subfield>
            <marc:subfield code="c">University of Washington</marc:subfield>
            <marc:subfield code="d">2020.</marc:subfield>
        </marc:datafield>
        <marc:datafield tag="502" ind1=" " ind2=" ">
            <marc:subfield code="b">M. Urban Plan.</marc:subfield>
            <marc:subfield code="c">University of Washington</marc:subfield>
            <marc:subfield code="d">2020</marc:subfield>
        </marc:datafield>
        <marc:datafield tag="504" ind1=" " ind2=" ">
            <marc:subfield code="a">Includes bibliographical references (pages 62-66).</marc:subfield>
        </marc:datafield>
        <marc:datafield tag="520" ind1="3" ind2=" ">
            <marc:subfield code="a">Interdisciplinary collaboration has become a key strategy in the fields of the built environment to understand and address complex environmental and societal issues. The College of Built Environments at the University of Washington has applied the idea of interdisciplinarity to education, offering a series of college-wide interdisciplinary studios since 2009. This study conducts a qualitative review of the interdisciplinary studios at the College of Built Environments from 2009-2019. Through fifteen in-depth interviews with previous studio instructors, this study explores how studio instructors understand the idea of interdisciplinarity, how their understandings are reflected in the studio pedagogy, and what are the future potentials for the interdisciplinary studio in the University of Washington College of Built Environments.</marc:subfield>
        </marc:datafield>
        <marc:datafield tag="588" ind1="0" ind2=" ">
            <marc:subfield code="a">Online resource; title from PDF title page (ResearchWorks Archive, viewed [date]).</marc:subfield>
        </marc:datafield>
        <marc:datafield tag="650" ind1=" " ind2="0">
            <marc:subfield code="a">Interdisciplinary approach in education</marc:subfield>
            <marc:subfield code="z">Washington (State)</marc:subfield>
            <marc:subfield code="z">Seattle.</marc:subfield>
        </marc:datafield>
        <marc:datafield tag="610" ind1="2" ind2="0">
            <marc:subfield code="a">University of Washington.</marc:subfield>
            <marc:subfield code="b">College of Built Environments.</marc:subfield>
        </marc:datafield>
        <marc:datafield tag="650" ind1=" " ind2="0">
            <marc:subfield code="a">City planning</marc:subfield>
            <marc:subfield code="x">Study and teaching (Graduate)</marc:subfield>
            <marc:subfield code="z">Washington (State)</marc:subfield>
            <marc:subfield code="z">Seattle.</marc:subfield>
        </marc:datafield>
        <marc:datafield tag="650" ind1=" " ind2="0">
            <marc:subfield code="a">Landscape architecture</marc:subfield>
            <marc:subfield code="x">Study and teaching (Graduate)</marc:subfield>
            <marc:subfield code="z">Washington (State)</marc:subfield>
            <marc:subfield code="z">Seattle.</marc:subfield>
        </marc:datafield>
        <marc:datafield tag="650" ind1=" " ind2="6">
            <marc:subfield code="a">Interdisciplinarité en éducation</marc:subfield>
            <marc:subfield code="0">(CaQQLa)201-0066542</marc:subfield>
            <marc:subfield code="z">Washington (État)</marc:subfield>
            <marc:subfield code="0">(CaQQLa)201-0394837</marc:subfield>
            <marc:subfield code="z">Seattle.</marc:subfield>
            <marc:subfield code="0">(CaQQLa)201-0394837</marc:subfield>
        </marc:datafield>
        <marc:datafield tag="650" ind1=" " ind2="6">
            <marc:subfield code="a">Architecture du paysage</marc:subfield>
            <marc:subfield code="0">(CaQQLa)201-0002163</marc:subfield>
            <marc:subfield code="x">Étude et enseignement (2e et 3e cycles)</marc:subfield>
            <marc:subfield code="0">(CaQQLa)201-0374476</marc:subfield>
            <marc:subfield code="z">Washington (État)</marc:subfield>
            <marc:subfield code="0">(CaQQLa)201-0394837</marc:subfield>
            <marc:subfield code="z">Seattle.</marc:subfield>
            <marc:subfield code="0">(CaQQLa)201-0394837</marc:subfield>
        </marc:datafield>
        <marc:datafield tag="650" ind1=" " ind2="7">
            <marc:subfield code="a">Landscape architecture</marc:subfield>
            <marc:subfield code="x">Study and teaching (Graduate)</marc:subfield>
            <marc:subfield code="2">fast</marc:subfield>
            <marc:subfield code="0">(OCoLC)fst00991849</marc:subfield>
        </marc:datafield>
        <marc:datafield tag="650" ind1=" " ind2="7">
            <marc:subfield code="a">Interdisciplinary approach in education.</marc:subfield>
            <marc:subfield code="2">fast</marc:subfield>
            <marc:subfield code="0">(OCoLC)fst00976122</marc:subfield>
        </marc:datafield>
        <marc:datafield tag="650" ind1=" " ind2="7">
            <marc:subfield code="a">City planning</marc:subfield>
            <marc:subfield code="x">Study and teaching (Graduate)</marc:subfield>
            <marc:subfield code="2">fast</marc:subfield>
            <marc:subfield code="0">(OCoLC)fst00862267</marc:subfield>
        </marc:datafield>
        <marc:datafield tag="651" ind1=" " ind2="7">
            <marc:subfield code="a">Washington (State)</marc:subfield>
            <marc:subfield code="z">Seattle.</marc:subfield>
            <marc:subfield code="2">fast</marc:subfield>
            <marc:subfield code="0">(OCoLC)fst01204940</marc:subfield>
        </marc:datafield>
        <marc:datafield tag="653" ind1="0" ind2=" ">
            <marc:subfield code="a">Built Environment</marc:subfield>
        </marc:datafield>
        <marc:datafield tag="653" ind1="0" ind2=" ">
            <marc:subfield code="a">Interdisciplinary</marc:subfield>
        </marc:datafield>
        <marc:datafield tag="653" ind1="0" ind2=" ">
            <marc:subfield code="a">Pedagogy</marc:subfield>
        </marc:datafield>
        <marc:datafield tag="653" ind1="0" ind2=" ">
            <marc:subfield code="a">Studio</marc:subfield>
        </marc:datafield>
        <marc:datafield tag="653" ind1="0" ind2=" ">
            <marc:subfield code="a">Landscape architecture</marc:subfield>
        </marc:datafield>
        <marc:datafield tag="653" ind1="0" ind2=" ">
            <marc:subfield code="a">Urban planning</marc:subfield>
        </marc:datafield>
        <marc:datafield tag="655" ind1=" " ind2="4">
            <marc:subfield code="a">Theses</marc:subfield>
            <marc:subfield code="x">Landscape architecture.</marc:subfield>
        </marc:datafield>
        <marc:datafield tag="655" ind1=" " ind2="4">
            <marc:subfield code="a">Theses</marc:subfield>
            <marc:subfield code="x">Urban planning</marc:subfield>
        </marc:datafield>
        <marc:datafield tag="655" ind1=" " ind2="7">
            <marc:subfield code="a">Academic theses.</marc:subfield>
            <marc:subfield code="2">fast</marc:subfield>
            <marc:subfield code="0">(OCoLC)fst01726453</marc:subfield>
        </marc:datafield>
        <marc:datafield tag="655" ind1=" " ind2="7">
            <marc:subfield code="a">Academic theses.</marc:subfield>
            <marc:subfield code="2">lcgft</marc:subfield>
        </marc:datafield>
        <marc:datafield tag="655" ind1=" " ind2="7">
            <marc:subfield code="a">Thèses et écrits académiques.</marc:subfield>
            <marc:subfield code="2">rvmgf</marc:subfield>
            <marc:subfield code="0">(CaQQLa)RVMGF-000001173</marc:subfield>
        </marc:datafield>
        <marc:datafield tag="700" ind1="1" ind2=" ">
            <marc:subfield code="a">Born, Branden M.,</marc:subfield>
            <marc:subfield code="e">degree supervisor.</marc:subfield>
            <marc:subfield code="1">http://www.wikidata.org/entity/Q101539490</marc:subfield>
        </marc:datafield>
        <marc:datafield tag="700" ind1="1" ind2=" ">
            <marc:subfield code="a">Johnson, Julie,</marc:subfield>
            <marc:subfield code="d">1962-</marc:subfield>
            <marc:subfield code="e">degree supervisor.</marc:subfield>
            <marc:subfield code="1">http://www.wikidata.org/entity/Q103813521</marc:subfield>
        </marc:datafield>
        <marc:datafield tag="856" ind1="4" ind2="0">
            <marc:subfield code="7">0</marc:subfield>
            <marc:subfield code="u">http://hdl.handle.net/1773/46063</marc:subfield>
        </marc:datafield>
        <marc:datafield tag="049" ind1=" " ind2=" ">
            <marc:subfield code="a">WAUW</marc:subfield>
        </marc:datafield>
    </marc:record>