
      <marc:record>
        <marc:leader>03472ccm a2200805Ii 4500</marc:leader>
        <marc:controlfield tag="001">980908778</marc:controlfield>
        <marc:controlfield tag="005">20220530141255.8</marc:controlfield>
        <marc:controlfield tag="008">170331t20172017gw coie        n  b zxx d</marc:controlfield>
        <marc:datafield tag="040" ind1=" " ind2=" ">
            <marc:subfield code="a">OHX</marc:subfield>
            <marc:subfield code="b">eng</marc:subfield>
            <marc:subfield code="e">rda</marc:subfield>
            <marc:subfield code="c">OHX</marc:subfield>
            <marc:subfield code="d">OCLCO</marc:subfield>
            <marc:subfield code="d">LTSCA</marc:subfield>
            <marc:subfield code="d">INU</marc:subfield>
            <marc:subfield code="d">IUL</marc:subfield>
            <marc:subfield code="d">IAC</marc:subfield>
            <marc:subfield code="d">OCLCA</marc:subfield>
            <marc:subfield code="d">BOS</marc:subfield>
            <marc:subfield code="d">RES</marc:subfield>
            <marc:subfield code="d">OCL</marc:subfield>
            <marc:subfield code="d">ISM</marc:subfield>
            <marc:subfield code="d">NUI</marc:subfield>
            <marc:subfield code="d">GUA</marc:subfield>
            <marc:subfield code="d">TFW</marc:subfield>
            <marc:subfield code="d">EMU</marc:subfield>
            <marc:subfield code="d">CHVBK</marc:subfield>
            <marc:subfield code="d">OCLCA</marc:subfield>
            <marc:subfield code="d">OCLCO</marc:subfield>
            <marc:subfield code="d">WAU</marc:subfield>
            <marc:subfield code="d">INT</marc:subfield>
            <marc:subfield code="d">NYP</marc:subfield>
            <marc:subfield code="d">UKMGB</marc:subfield>
            <marc:subfield code="d">PUL</marc:subfield>
            <marc:subfield code="d">OCLCO</marc:subfield>
            <marc:subfield code="d">MNU</marc:subfield>
            <marc:subfield code="d">OCLCO</marc:subfield>
            <marc:subfield code="d">OCLCA</marc:subfield>
            <marc:subfield code="d">OCLCO</marc:subfield>
        </marc:datafield>
        <marc:datafield tag="016" ind1="7" ind2=" ">
            <marc:subfield code="a">018874334</marc:subfield>
            <marc:subfield code="2">Uk</marc:subfield>
        </marc:datafield>
        <marc:datafield tag="024" ind1="1" ind2="0">
            <marc:subfield code="a">888680876951</marc:subfield>
        </marc:datafield>
        <marc:datafield tag="024" ind1="2" ind2="0">
            <marc:subfield code="a">9790001162845</marc:subfield>
            <marc:subfield code="q">(sewn) :</marc:subfield>
            <marc:subfield code="c">EUR27.00</marc:subfield>
        </marc:datafield>
        <marc:datafield tag="024" ind1="2" ind2=" ">
            <marc:subfield code="a">M001162845</marc:subfield>
            <marc:subfield code="q">(sewn)</marc:subfield>
        </marc:datafield>
        <marc:datafield tag="028" ind1="3" ind2="0">
            <marc:subfield code="a">TR 30</marc:subfield>
            <marc:subfield code="b">Schott</marc:subfield>
        </marc:datafield>
        <marc:datafield tag="028" ind1="6" ind2="2">
            <marc:subfield code="a">49045552</marc:subfield>
            <marc:subfield code="b">Hal Leonard</marc:subfield>
        </marc:datafield>
        <marc:datafield tag="046" ind1=" " ind2=" ">
            <marc:subfield code="k">2015</marc:subfield>
            <marc:subfield code="2">edtf</marc:subfield>
        </marc:datafield>
        <marc:datafield tag="050" ind1=" " ind2="4">
            <marc:subfield code="a">M1031.P397</marc:subfield>
            <marc:subfield code="b">C65 2017</marc:subfield>
        </marc:datafield>
        <marc:datafield tag="072" ind1=" " ind2="7">
            <marc:subfield code="a">M</marc:subfield>
            <marc:subfield code="2">lcco</marc:subfield>
        </marc:datafield>
        <marc:datafield tag="082" ind1="1" ind2="4">
            <marc:subfield code="a">788.92186</marc:subfield>
            <marc:subfield code="b">P3979c, 2017</marc:subfield>
        </marc:datafield>
        <marc:datafield tag="100" ind1="1" ind2=" ">
            <marc:subfield code="a">Penderecki, Krzysztof,</marc:subfield>
            <marc:subfield code="d">1933-2020,</marc:subfield>
            <marc:subfield code="e">composer.</marc:subfield>
        </marc:datafield>
        <marc:datafield tag="240" ind1="1" ind2="0">
            <marc:subfield code="a">Concertino,</marc:subfield>
            <marc:subfield code="m">trumpet, orchestra;</marc:subfield>
            <marc:subfield code="o">arranged</marc:subfield>
        </marc:datafield>
        <marc:datafield tag="245" ind1="1" ind2="0">
            <marc:subfield code="a">Concertino per tromba e orchestra (2015) =</marc:subfield>
            <marc:subfield code="b">für Trompete und Orchester = for trumpet and orchestra /</marc:subfield>
            <marc:subfield code="c">Krzysztof Penderecki.</marc:subfield>
        </marc:datafield>
        <marc:datafield tag="250" ind1=" " ind2=" ">
            <marc:subfield code="a">Klavierauszug /</marc:subfield>
            <marc:subfield code="b">von Claus-Dieter Ludwig = Piano reduction / by Claus-Dieter Ludwig.</marc:subfield>
        </marc:datafield>
        <marc:datafield tag="264" ind1=" " ind2="1">
            <marc:subfield code="a">Mainz :</marc:subfield>
            <marc:subfield code="b">Schott,</marc:subfield>
            <marc:subfield code="c">[2017]</marc:subfield>
        </marc:datafield>
        <marc:datafield tag="264" ind1=" " ind2="2">
            <marc:subfield code="a">[Milwaukee, Wisconsin] :</marc:subfield>
            <marc:subfield code="b">distributed in North and South America exclusively by Hal Leonard.</marc:subfield>
        </marc:datafield>
        <marc:datafield tag="264" ind1=" " ind2="4">
            <marc:subfield code="c">©2017</marc:subfield>
        </marc:datafield>
        <marc:datafield tag="300" ind1=" " ind2=" ">
            <marc:subfield code="a">1 condensed score (23 pages) + 1 part (7 pages) ;</marc:subfield>
            <marc:subfield code="c">31 cm.</marc:subfield>
        </marc:datafield>
        <marc:datafield tag="306" ind1=" " ind2=" ">
            <marc:subfield code="a">001200</marc:subfield>
        </marc:datafield>
        <marc:datafield tag="336" ind1=" " ind2=" ">
            <marc:subfield code="a">notated music</marc:subfield>
            <marc:subfield code="b">ntm</marc:subfield>
            <marc:subfield code="2">rdacontent</marc:subfield>
        </marc:datafield>
        <marc:datafield tag="337" ind1=" " ind2=" ">
            <marc:subfield code="a">unmediated</marc:subfield>
            <marc:subfield code="b">n</marc:subfield>
            <marc:subfield code="2">rdamedia</marc:subfield>
        </marc:datafield>
        <marc:datafield tag="338" ind1=" " ind2=" ">
            <marc:subfield code="a">volume</marc:subfield>
            <marc:subfield code="b">nc</marc:subfield>
            <marc:subfield code="2">rdacarrier</marc:subfield>
        </marc:datafield>
        <marc:datafield tag="348" ind1=" " ind2=" ">
            <marc:subfield code="a">condensed score</marc:subfield>
            <marc:subfield code="a">part</marc:subfield>
            <marc:subfield code="2">rdafnm</marc:subfield>
        </marc:datafield>
        <marc:datafield tag="382" ind1="0" ind2="1">
            <marc:subfield code="a">trumpet</marc:subfield>
            <marc:subfield code="n">1</marc:subfield>
            <marc:subfield code="a">piano</marc:subfield>
            <marc:subfield code="v">includes percussion staff</marc:subfield>
            <marc:subfield code="n">1</marc:subfield>
            <marc:subfield code="s">2</marc:subfield>
            <marc:subfield code="2">lcmpt</marc:subfield>
        </marc:datafield>
        <marc:datafield tag="386" ind1=" " ind2=" ">
            <marc:subfield code="a">Poles</marc:subfield>
            <marc:subfield code="2">lcdgt</marc:subfield>
        </marc:datafield>
        <marc:datafield tag="386" ind1=" " ind2=" ">
            <marc:subfield code="a">Men</marc:subfield>
            <marc:subfield code="2">lcdgt</marc:subfield>
        </marc:datafield>
        <marc:datafield tag="490" ind1="1" ind2=" ">
            <marc:subfield code="a">Trumpet library =</marc:subfield>
            <marc:subfield code="a">Trompeten-Bibliothek ;</marc:subfield>
            <marc:subfield code="v">TR 30</marc:subfield>
        </marc:datafield>
        <marc:datafield tag="500" ind1=" " ind2=" ">
            <marc:subfield code="a">Originally for trumpet and orchestra; accompaniment arranged for piano.</marc:subfield>
        </marc:datafield>
        <marc:datafield tag="500" ind1=" " ind2=" ">
            <marc:subfield code="a">Composed 2015.</marc:subfield>
        </marc:datafield>
        <marc:datafield tag="546" ind1=" " ind2=" ">
            <marc:subfield code="b">Staff notation.</marc:subfield>
        </marc:datafield>
        <marc:datafield tag="500" ind1=" " ind2=" ">
            <marc:subfield code="a">Score includes staff for percussion; piano staves include instrumental cues.</marc:subfield>
        </marc:datafield>
        <marc:datafield tag="500" ind1=" " ind2=" ">
            <marc:subfield code="a">Duration: 12 minutes.</marc:subfield>
        </marc:datafield>
        <marc:datafield tag="500" ind1=" " ind2=" ">
            <marc:subfield code="a">Distributor information from label on back cover.</marc:subfield>
        </marc:datafield>
        <marc:datafield tag="500" ind1=" " ind2=" ">
            <marc:subfield code="a">This library lacks distributor information.</marc:subfield>
            <marc:subfield code="5">WaU</marc:subfield>
        </marc:datafield>
        <marc:datafield tag="505" ind1="0" ind2=" ">
            <marc:subfield code="a">Andante -- Larghetto -- Intermezzo -- Vivo ma non troppo.</marc:subfield>
        </marc:datafield>
        <marc:datafield tag="650" ind1=" " ind2="0">
            <marc:subfield code="a">Concertos (Trumpet)</marc:subfield>
            <marc:subfield code="v">Solo with piano.</marc:subfield>
        </marc:datafield>
        <marc:datafield tag="650" ind1=" " ind2="7">
            <marc:subfield code="a">Concertos (Trumpet)</marc:subfield>
            <marc:subfield code="x">Solo with piano.</marc:subfield>
            <marc:subfield code="2">fast</marc:subfield>
            <marc:subfield code="0">(OCoLC)fst00873864</marc:subfield>
        </marc:datafield>
        <marc:datafield tag="611" ind1="2" ind2="7">
            <marc:subfield code="a">Pariser Friedenskonferenz</marc:subfield>
            <marc:subfield code="d">1919-1920</marc:subfield>
            <marc:subfield code="c">Paris</marc:subfield>
            <marc:subfield code="e">Polish Delegation</marc:subfield>
            <marc:subfield code="2">gnd</marc:subfield>
            <marc:subfield code="0">(DE-588)1165906457</marc:subfield>
        </marc:datafield>
        <marc:datafield tag="655" ind1=" " ind2="7">
            <marc:subfield code="a">Arrangements (Music)</marc:subfield>
            <marc:subfield code="2">fast</marc:subfield>
            <marc:subfield code="0">(OCoLC)fst01920435</marc:subfield>
        </marc:datafield>
        <marc:datafield tag="655" ind1=" " ind2="7">
            <marc:subfield code="a">Concertos.</marc:subfield>
            <marc:subfield code="2">fast</marc:subfield>
            <marc:subfield code="0">(OCoLC)fst01726450</marc:subfield>
        </marc:datafield>
        <marc:datafield tag="655" ind1=" " ind2="7">
            <marc:subfield code="a">Parts (Music)</marc:subfield>
            <marc:subfield code="2">fast</marc:subfield>
            <marc:subfield code="0">(OCoLC)fst01692889</marc:subfield>
        </marc:datafield>
        <marc:datafield tag="655" ind1=" " ind2="7">
            <marc:subfield code="a">Scores.</marc:subfield>
            <marc:subfield code="2">fast</marc:subfield>
            <marc:subfield code="0">(OCoLC)fst01692898</marc:subfield>
        </marc:datafield>
        <marc:datafield tag="655" ind1=" " ind2="7">
            <marc:subfield code="a">Concertos.</marc:subfield>
            <marc:subfield code="2">lcgft</marc:subfield>
        </marc:datafield>
        <marc:datafield tag="655" ind1=" " ind2="7">
            <marc:subfield code="a">Arrangements (Music)</marc:subfield>
            <marc:subfield code="2">lcgft</marc:subfield>
        </marc:datafield>
        <marc:datafield tag="655" ind1=" " ind2="7">
            <marc:subfield code="a">Scores.</marc:subfield>
            <marc:subfield code="2">lcgft</marc:subfield>
        </marc:datafield>
        <marc:datafield tag="655" ind1=" " ind2="7">
            <marc:subfield code="a">Parts (Music)</marc:subfield>
            <marc:subfield code="2">lcgft</marc:subfield>
        </marc:datafield>
        <marc:datafield tag="655" ind1=" " ind2="7">
            <marc:subfield code="a">Concertos.</marc:subfield>
            <marc:subfield code="2">rvmgf</marc:subfield>
            <marc:subfield code="0">(CaQQLa)RVMGF-000000723</marc:subfield>
        </marc:datafield>
        <marc:datafield tag="655" ind1=" " ind2="7">
            <marc:subfield code="a">Arrangements (Musique)</marc:subfield>
            <marc:subfield code="2">rvmgf</marc:subfield>
            <marc:subfield code="0">(CaQQLa)RVMGF-000000691</marc:subfield>
        </marc:datafield>
        <marc:datafield tag="655" ind1=" " ind2="7">
            <marc:subfield code="a">Partitions (Musique)</marc:subfield>
            <marc:subfield code="2">rvmgf</marc:subfield>
            <marc:subfield code="0">(CaQQLa)RVMGF-000000816</marc:subfield>
        </marc:datafield>
        <marc:datafield tag="655" ind1=" " ind2="7">
            <marc:subfield code="a">Parties (Musique)</marc:subfield>
            <marc:subfield code="2">rvmgf</marc:subfield>
            <marc:subfield code="0">(CaQQLa)RVMGF-000000815</marc:subfield>
        </marc:datafield>
        <marc:datafield tag="700" ind1="1" ind2=" ">
            <marc:subfield code="a">Ludwig, Claus-Dieter,</marc:subfield>
            <marc:subfield code="e">arranger of music.</marc:subfield>
        </marc:datafield>
        <marc:datafield tag="830" ind1=" " ind2="0">
            <marc:subfield code="a">Trumpet library ;</marc:subfield>
            <marc:subfield code="v">TR 30.</marc:subfield>
        </marc:datafield>
        <marc:datafield tag="938" ind1=" " ind2=" ">
            <marc:subfield code="a">Otto Harrassowitz</marc:subfield>
            <marc:subfield code="b">HARR</marc:subfield>
            <marc:subfield code="n">har175006322</marc:subfield>
        </marc:datafield>
        <marc:datafield tag="938" ind1=" " ind2=" ">
            <marc:subfield code="a">Theodore Front Musical Literature</marc:subfield>
            <marc:subfield code="b">TFRT</marc:subfield>
            <marc:subfield code="n">TF428837</marc:subfield>
        </marc:datafield>
        <marc:datafield tag="029" ind1="1" ind2=" ">
            <marc:subfield code="a">CHVBK</marc:subfield>
            <marc:subfield code="b">495013668</marc:subfield>
        </marc:datafield>
        <marc:datafield tag="029" ind1="1" ind2=" ">
            <marc:subfield code="a">CHBIS</marc:subfield>
            <marc:subfield code="b">011040829</marc:subfield>
        </marc:datafield>
        <marc:datafield tag="029" ind1="1" ind2=" ">
            <marc:subfield code="a">CHVBK</marc:subfield>
            <marc:subfield code="b">498802582</marc:subfield>
        </marc:datafield>
        <marc:datafield tag="029" ind1="1" ind2=" ">
            <marc:subfield code="a">CHDSB</marc:subfield>
            <marc:subfield code="b">006743608</marc:subfield>
        </marc:datafield>
        <marc:datafield tag="029" ind1="1" ind2=" ">
            <marc:subfield code="a">CHVBK</marc:subfield>
            <marc:subfield code="b">503127817</marc:subfield>
        </marc:datafield>
        <marc:datafield tag="029" ind1="1" ind2=" ">
            <marc:subfield code="a">CHSLU</marc:subfield>
            <marc:subfield code="b">001299655</marc:subfield>
        </marc:datafield>
        <marc:datafield tag="029" ind1="1" ind2=" ">
            <marc:subfield code="a">UKMGB</marc:subfield>
            <marc:subfield code="b">018874334</marc:subfield>
        </marc:datafield>
    </marc:record>