
    <marc:record>
        <marc:leader>05950cam a22009134a 4500</marc:leader>
        <marc:controlfield tag="001">99125340860001452</marc:controlfield>
        <marc:controlfield tag="005">20240916213021.0</marc:controlfield>
        <marc:controlfield tag="008">990204s1999    nyua     b    001 0aeng  </marc:controlfield>
        <marc:datafield tag="010" ind1=" " ind2=" ">
            <marc:subfield code="a">   99019715 </marc:subfield>
        </marc:datafield>
        <marc:datafield tag="019" ind1=" " ind2=" ">
            <marc:subfield code="a">1022681942</marc:subfield>
        </marc:datafield>
        <marc:datafield tag="020" ind1=" " ind2=" ">
            <marc:subfield code="a">0312199570</marc:subfield>
        </marc:datafield>
        <marc:datafield tag="020" ind1=" " ind2=" ">
            <marc:subfield code="a">9780312199579</marc:subfield>
        </marc:datafield>
        <marc:datafield tag="035" ind1=" " ind2=" ">
            <marc:subfield code="a">(OCoLC)40762853</marc:subfield>
            <marc:subfield code="z">(OCoLC)1022681942</marc:subfield>
        </marc:datafield>
        <marc:datafield tag="035" ind1=" " ind2=" ">
            <marc:subfield code="a">(OCoLC)ocm40762853 </marc:subfield>
        </marc:datafield>
        <marc:datafield tag="035" ind1=" " ind2=" ">
            <marc:subfield code="a">(EXLNZ-01ALLIANCE_NETWORK)99176097470001451</marc:subfield>
        </marc:datafield>
        <marc:datafield tag="035" ind1=" " ind2=" ">
            <marc:subfield code="a">(01ALLIANCE_UW)99125340860001452</marc:subfield>
        </marc:datafield>
        <marc:datafield tag="040" ind1=" " ind2=" ">
            <marc:subfield code="a">DLC</marc:subfield>
            <marc:subfield code="b">eng</marc:subfield>
            <marc:subfield code="c">DLC</marc:subfield>
            <marc:subfield code="d">BAKER</marc:subfield>
            <marc:subfield code="d">NLGGC</marc:subfield>
            <marc:subfield code="d">BTCTA</marc:subfield>
            <marc:subfield code="d">YDXCP</marc:subfield>
            <marc:subfield code="d">OCLCG</marc:subfield>
            <marc:subfield code="d">IFA</marc:subfield>
            <marc:subfield code="d">ILU</marc:subfield>
            <marc:subfield code="d">ICW</marc:subfield>
            <marc:subfield code="d">IG#</marc:subfield>
            <marc:subfield code="d">J9U</marc:subfield>
            <marc:subfield code="d">OCLCF</marc:subfield>
            <marc:subfield code="d">OCLCO</marc:subfield>
            <marc:subfield code="d">OCLCQ</marc:subfield>
            <marc:subfield code="d">OCLCO</marc:subfield>
            <marc:subfield code="d">UKOBU</marc:subfield>
            <marc:subfield code="d">UKUOY</marc:subfield>
            <marc:subfield code="d">OCLCQ</marc:subfield>
            <marc:subfield code="d">OCL</marc:subfield>
            <marc:subfield code="d">VYM</marc:subfield>
            <marc:subfield code="d">OCLCO</marc:subfield>
            <marc:subfield code="d">OCL</marc:subfield>
            <marc:subfield code="d">OCLCA</marc:subfield>
            <marc:subfield code="d">OCLCQ</marc:subfield>
            <marc:subfield code="d">OCLCO</marc:subfield>
            <marc:subfield code="d">OCLCL</marc:subfield>
        </marc:datafield>
        <marc:datafield tag="041" ind1="1" ind2=" ">
            <marc:subfield code="a">eng</marc:subfield>
            <marc:subfield code="h">ger</marc:subfield>
        </marc:datafield>
        <marc:datafield tag="042" ind1=" " ind2=" ">
            <marc:subfield code="a">pcc</marc:subfield>
        </marc:datafield>
        <marc:datafield tag="043" ind1=" " ind2=" ">
            <marc:subfield code="a">e-gx---</marc:subfield>
        </marc:datafield>
        <marc:datafield tag="049" ind1=" " ind2=" ">
            <marc:subfield code="a">MAIN</marc:subfield>
        </marc:datafield>
        <marc:datafield tag="050" ind1="0" ind2="0">
            <marc:subfield code="a">ML429.W134</marc:subfield>
            <marc:subfield code="b">A3 1999</marc:subfield>
        </marc:datafield>
        <marc:datafield tag="066" ind1=" " ind2=" ">
            <marc:subfield code="c">(2</marc:subfield>
        </marc:datafield>
        <marc:datafield tag="082" ind1="0" ind2="0">
            <marc:subfield code="a">782.1/092</marc:subfield>
            <marc:subfield code="2">21</marc:subfield>
        </marc:datafield>
        <marc:datafield tag="082" ind1="0" ind2="4">
            <marc:subfield code="a">B</marc:subfield>
            <marc:subfield code="2">21</marc:subfield>
        </marc:datafield>
        <marc:datafield tag="084" ind1=" " ind2=" ">
            <marc:subfield code="a">24.50</marc:subfield>
            <marc:subfield code="2">bcl</marc:subfield>
        </marc:datafield>
        <marc:datafield tag="100" ind1="1" ind2=" ">
            <marc:subfield code="a">Wagner, Gottfried,</marc:subfield>
            <marc:subfield code="d">1947-</marc:subfield>
            <marc:subfield code="1">https://id.oclc.org/worldcat/entity/E39PBJxCC993X6qmxD33qP3JDq</marc:subfield>
        </marc:datafield>
        <marc:datafield tag="240" ind1="1" ind2="0">
            <marc:subfield code="a">Wer nicht mit dem Wolf heult.</marc:subfield>
            <marc:subfield code="l">English</marc:subfield>
        </marc:datafield>
        <marc:datafield tag="245" ind1="1" ind2="0">
            <marc:subfield code="a">Twilight of the Wagners :</marc:subfield>
            <marc:subfield code="b">the unveiling of a family's legacy /</marc:subfield>
            <marc:subfield code="c">Gottfried Wagner ; English translation by Della Couling.</marc:subfield>
        </marc:datafield>
        <marc:datafield tag="250" ind1=" " ind2=" ">
            <marc:subfield code="a">1st Picador USA ed.</marc:subfield>
        </marc:datafield>
        <marc:datafield tag="260" ind1=" " ind2=" ">
            <marc:subfield code="a">New York :</marc:subfield>
            <marc:subfield code="b">Picador USA,</marc:subfield>
            <marc:subfield code="c">1999.</marc:subfield>
        </marc:datafield>
        <marc:datafield tag="300" ind1=" " ind2=" ">
            <marc:subfield code="a">viii, 310 pages :</marc:subfield>
            <marc:subfield code="b">illustrations ;</marc:subfield>
            <marc:subfield code="c">25 cm</marc:subfield>
        </marc:datafield>
        <marc:datafield tag="336" ind1=" " ind2=" ">
            <marc:subfield code="a">text</marc:subfield>
            <marc:subfield code="b">txt</marc:subfield>
            <marc:subfield code="2">rdacontent</marc:subfield>
        </marc:datafield>
        <marc:datafield tag="337" ind1=" " ind2=" ">
            <marc:subfield code="a">unmediated</marc:subfield>
            <marc:subfield code="b">n</marc:subfield>
            <marc:subfield code="2">rdamedia</marc:subfield>
        </marc:datafield>
        <marc:datafield tag="338" ind1=" " ind2=" ">
            <marc:subfield code="a">volume</marc:subfield>
            <marc:subfield code="b">nc</marc:subfield>
            <marc:subfield code="2">rdacarrier</marc:subfield>
        </marc:datafield>
        <marc:datafield tag="520" ind1="1" ind2=" ">
            <marc:subfield code="a">&quot;Richard Wagner's great-grandson Gottfried Wagner, born after the end of World War II, was taught to worship his great-grandfather as a cultural ancestor of all of Germany. Perhaps no one took Richard Wagner's polemics more to heart than Adolf Hitler, for whom the musician was a foundational influence.&quot;--Jacket.</marc:subfield>
        </marc:datafield>
        <marc:datafield tag="520" ind1="8" ind2=" ">
            <marc:subfield code="a">&quot;In Gottfried Wagner's memoir, Twilight of the Wagners: The Unveiling of a Family's Legacy, Hitler is an inescapable presence, as he was in Gottfried's family - one of the many specters haunting the Wagner estate, though young Gottfried wondered if he was the only one who could see them. One afternoon he discovered old photographs and oil paintings of Hitler among the family memorabilia. Warned never to mention the pictures to anyone, he became an unwilling coconspirator in his family's secret.&quot;--Jacket.</marc:subfield>
        </marc:datafield>
        <marc:datafield tag="520" ind1="8" ind2=" ">
            <marc:subfield code="a">&quot;Gottfried Wagner reclaimed his voice during adolescence and began an impassioned crusade in adulthood to examine the hatred and racism he knew growing up in Bayreuth. Although disinherited and ostracized by his father, Gottfried has become an outspoken critic of Richard Wagner's legacy and a champion of greater understanding between Germans and Holocaust survivors worldwide. With a judicious eye for detail, a sweeping sense of conscience, and the determination to redeem himself and his past, Gottfried Wagner lays bare the sins of this powerful family.&quot;--Jacket.</marc:subfield>
        </marc:datafield>
        <marc:datafield tag="504" ind1=" " ind2=" ">
            <marc:subfield code="a">Includes bibliographical references (pages 301-303) and index.</marc:subfield>
        </marc:datafield>
        <marc:datafield tag="505" ind1="0" ind2=" ">
            <marc:subfield code="a">Wagner family tree -- Villa Wahnfried -- New directions -- The will to power I -- The anti-semitism of the Wagner family, 1850-1945 -- The will to power II -- The Richard Wagner Foundation -- The will to power III -- Winifred's film -- The festival centenary -- In search of myself -- On the trail of Kurt Weill -- The long arm of Bayreuth -- Return to Germany -- Teresina -- The monastery and the bank -- My Italian wedding -- Back to the culture jungle -- Bonn and Orange -- On the road with Nietzsche, Wagner, and Liszt -- Hitler and Wagner? -- Israel -- Father's last letter -- The ban from Bayreuth -- Anti-semitism and opera business -- Eugenio, my son -- On tour with Richard Wagner's anti-semitism -- The post-holocaust dialogue group : and in the beginning was Auschwitz.</marc:subfield>
        </marc:datafield>
        <marc:datafield tag="650" ind1=" " ind2="0">
            <marc:subfield code="a">Opera producers and directors</marc:subfield>
            <marc:subfield code="v">Biography.</marc:subfield>
        </marc:datafield>
        <marc:datafield tag="650" ind1=" " ind2="0">
            <marc:subfield code="a">Antisemitism</marc:subfield>
            <marc:subfield code="z">Germany.</marc:subfield>
        </marc:datafield>
        <marc:datafield tag="650" ind1=" " ind2="6">
            <marc:subfield code="a">Producteurs et metteurs en scène d'opéra</marc:subfield>
            <marc:subfield code="v">Biographies.</marc:subfield>
        </marc:datafield>
        <marc:datafield tag="650" ind1=" " ind2="6">
            <marc:subfield code="a">Antisémitisme</marc:subfield>
            <marc:subfield code="z">Allemagne.</marc:subfield>
        </marc:datafield>
        <marc:datafield tag="650" ind1=" " ind2="7">
            <marc:subfield code="a">Antisemitism.</marc:subfield>
            <marc:subfield code="2">fast</marc:subfield>
            <marc:subfield code="0">(OCoLC)fst00810769</marc:subfield>
        </marc:datafield>
        <marc:datafield tag="650" ind1=" " ind2="7">
            <marc:subfield code="a">Families.</marc:subfield>
            <marc:subfield code="2">fast</marc:subfield>
            <marc:subfield code="0">(OCoLC)fst01728849</marc:subfield>
        </marc:datafield>
        <marc:datafield tag="650" ind1=" " ind2="7">
            <marc:subfield code="a">Opera producers and directors.</marc:subfield>
            <marc:subfield code="2">fast</marc:subfield>
            <marc:subfield code="0">(OCoLC)fst01046182</marc:subfield>
        </marc:datafield>
        <marc:datafield tag="650" ind1="1" ind2="7">
            <marc:subfield code="a">Receptie.</marc:subfield>
            <marc:subfield code="2">gtt</marc:subfield>
        </marc:datafield>
        <marc:datafield tag="650" ind1="1" ind2="7">
            <marc:subfield code="a">Bayreuther Festspiele.</marc:subfield>
            <marc:subfield code="2">gtt</marc:subfield>
        </marc:datafield>
        <marc:datafield tag="650" ind1=" " ind2="7">
            <marc:subfield code="a">Antisemitism</marc:subfield>
            <marc:subfield code="z">Germany</marc:subfield>
            <marc:subfield code="2">nli</marc:subfield>
        </marc:datafield>
        <marc:datafield tag="650" ind1=" " ind2="7">
            <marc:subfield code="a">Opera producers and directors</marc:subfield>
            <marc:subfield code="v">Biography</marc:subfield>
            <marc:subfield code="2">nli</marc:subfield>
        </marc:datafield>
        <marc:datafield tag="651" ind1=" " ind2="7">
            <marc:subfield code="a">Germany.</marc:subfield>
            <marc:subfield code="2">fast</marc:subfield>
            <marc:subfield code="0">(OCoLC)fst01210272</marc:subfield>
            <marc:subfield code="1">https://id.oclc.org/worldcat/entity/E39PBJtCD3rcKcPDx6FHmjvrbd</marc:subfield>
        </marc:datafield>
        <marc:datafield tag="610" ind1="2" ind2="4">
            <marc:subfield code="a">Bayreuther Festspiele.</marc:subfield>
        </marc:datafield>
        <marc:datafield tag="611" ind1="2" ind2="0">
            <marc:subfield code="a">Bayreuther Festspiele.</marc:subfield>
        </marc:datafield>
        <marc:datafield tag="611" ind1="2" ind2="7">
            <marc:subfield code="a">Bayreuther Festspiele.</marc:subfield>
            <marc:subfield code="2">fast</marc:subfield>
            <marc:subfield code="0">(OCoLC)fst01405158</marc:subfield>
        </marc:datafield>
        <marc:datafield tag="611" ind1="2" ind2="7">
            <marc:subfield code="a">Bayreuther Festspiele</marc:subfield>
            <marc:subfield code="2">nli</marc:subfield>
        </marc:datafield>
        <marc:datafield tag="655" ind1=" " ind2="7">
            <marc:subfield code="a">Autobiographies.</marc:subfield>
            <marc:subfield code="2">fast</marc:subfield>
            <marc:subfield code="0">(OCoLC)fst01919894</marc:subfield>
        </marc:datafield>
        <marc:datafield tag="655" ind1=" " ind2="7">
            <marc:subfield code="a">Biographies.</marc:subfield>
            <marc:subfield code="2">fast</marc:subfield>
            <marc:subfield code="0">(OCoLC)fst01919896</marc:subfield>
        </marc:datafield>
        <marc:datafield tag="655" ind1=" " ind2="7">
            <marc:subfield code="a">Autobiographies.</marc:subfield>
            <marc:subfield code="2">lcgft</marc:subfield>
        </marc:datafield>
        <marc:datafield tag="655" ind1=" " ind2="7">
            <marc:subfield code="a">Autobiographies.</marc:subfield>
            <marc:subfield code="2">rvmgf</marc:subfield>
        </marc:datafield>
        <marc:datafield tag="600" ind1="1" ind2="0">
            <marc:subfield code="a">Wagner, Gottfried,</marc:subfield>
            <marc:subfield code="d">1947-</marc:subfield>
        </marc:datafield>
        <marc:datafield tag="600" ind1="3" ind2="0">
            <marc:subfield code="a">Wagner family.</marc:subfield>
        </marc:datafield>
        <marc:datafield tag="600" ind1="1" ind2="0">
            <marc:subfield code="a">Wagner, Richard,</marc:subfield>
            <marc:subfield code="d">1813-1883</marc:subfield>
            <marc:subfield code="x">Family.</marc:subfield>
        </marc:datafield>
        <marc:datafield tag="600" ind1="1" ind2="4">
            <marc:subfield code="a">Wagner, Gottfried.</marc:subfield>
        </marc:datafield>
        <marc:datafield tag="600" ind1="3" ind2="4">
            <marc:subfield code="a">Wagner family.</marc:subfield>
        </marc:datafield>
        <marc:datafield tag="600" ind1="1" ind2="4">
            <marc:subfield code="a">Wagner, Richard,</marc:subfield>
            <marc:subfield code="d">1813-1883</marc:subfield>
            <marc:subfield code="x">Family.</marc:subfield>
        </marc:datafield>
        <marc:datafield tag="600" ind1="3" ind2="6">
            <marc:subfield code="a">Wagner (Famille)</marc:subfield>
        </marc:datafield>
        <marc:datafield tag="600" ind1="3" ind2="7">
            <marc:subfield code="a">Wagner family.</marc:subfield>
            <marc:subfield code="2">fast</marc:subfield>
            <marc:subfield code="0">(OCoLC)fst00216565</marc:subfield>
        </marc:datafield>
        <marc:datafield tag="600" ind1="1" ind2="7">
            <marc:subfield code="a">Wagner, Gottfried,</marc:subfield>
            <marc:subfield code="d">1947-</marc:subfield>
            <marc:subfield code="2">fast</marc:subfield>
            <marc:subfield code="0">(OCoLC)fst00023385</marc:subfield>
            <marc:subfield code="1">https://id.oclc.org/worldcat/entity/E39PBJxCC993X6qmxD33qP3JDq</marc:subfield>
        </marc:datafield>
        <marc:datafield tag="600" ind1="1" ind2="7">
            <marc:subfield code="a">Wagner, Richard,</marc:subfield>
            <marc:subfield code="d">1813-1883</marc:subfield>
            <marc:subfield code="2">fast</marc:subfield>
            <marc:subfield code="0">(OCoLC)fst00040723</marc:subfield>
            <marc:subfield code="1">https://id.oclc.org/worldcat/entity/E39PBJvMCYbW9m9kmHKrwph4MP</marc:subfield>
        </marc:datafield>
        <marc:datafield tag="600" ind1="1" ind2="7">
            <marc:subfield code="a">Wagner, Gottfried,</marc:subfield>
            <marc:subfield code="d">1947-</marc:subfield>
            <marc:subfield code="2">nli</marc:subfield>
        </marc:datafield>
        <marc:datafield tag="600" ind1="1" ind2="7">
            <marc:subfield code="a">Wagner, Richard,</marc:subfield>
            <marc:subfield code="d">1813-1883</marc:subfield>
            <marc:subfield code="2">nli</marc:subfield>
        </marc:datafield>
        <marc:datafield tag="600" ind1="3" ind2="7">
            <marc:subfield code="a">Wagner family</marc:subfield>
            <marc:subfield code="2">nli</marc:subfield>
        </marc:datafield>
        <marc:datafield tag="758" ind1=" " ind2=" ">
            <marc:subfield code="i">has work:</marc:subfield>
            <marc:subfield code="a">Twilight of the Wagners (Text)</marc:subfield>
            <marc:subfield code="1">https://id.oclc.org/worldcat/entity/E39PCGpKMG4KCyth9w7JYJjvd3</marc:subfield>
            <marc:subfield code="4">https://id.oclc.org/worldcat/ontology/hasWork</marc:subfield>
        </marc:datafield>
        <marc:datafield tag="880" ind1=" " ind2=" ">
            <marc:subfield code="6">500-00/(2/r</marc:subfield>
            <marc:subfield code="a">נושא ישן: Antisemitism - Germany.</marc:subfield>
        </marc:datafield>
        <marc:datafield tag="880" ind1=" " ind2=" ">
            <marc:subfield code="6">500-00/(2/r</marc:subfield>
            <marc:subfield code="a">נושא ישן: Opera producers and directors - biography.</marc:subfield>
        </marc:datafield>
        <marc:datafield tag="973" ind1=" " ind2=" ">
            <marc:subfield code="a">pbooks</marc:subfield>
        </marc:datafield>
        <marc:datafield tag="978" ind1=" " ind2=" ">
            <marc:subfield code="a">.b42723334</marc:subfield>
            <marc:subfield code="9">LOCAL</marc:subfield>
        </marc:datafield>
        <marc:datafield tag="994" ind1=" " ind2=" ">
            <marc:subfield code="a">92</marc:subfield>
            <marc:subfield code="b">OCACL</marc:subfield>
        </marc:datafield>
    </marc:record>